% Encoding: UTF-8

@Book{Marion1985,
  author    = {J.B. Marion},
  publisher = {Reverté},
  title     = {{Dinámica clásica de partículas y sistemas.}},
  year      = {1985},
}

@Book{goldstein2002classical,
  author    = {Goldstein, Herbert},
  publisher = {Addison Wesley},
  title     = {Classical mechanics},
  year      = {2002},
  address   = {San Francisco},
  isbn      = {9780201657029},
  issn      = {9780201657029},
}

@Book{Taylor2013,
  author    = {Taylor, John},
  publisher = {Reverte},
  title     = {{Mec\'{a}nica cl\'{a}sica}},
  year      = {2013},
  address   = {Barcelona},
  isbn      = {9788429143126},
}

@Comment{jabref-meta: databaseType:bibtex;}
